
<record>
  <leader>02061cam a22003017i 4500</leader>
  <controlfield tag="001">19031240</controlfield>
  <controlfield tag="005">20200103150613.0</controlfield>
  <controlfield tag="008">160321s2016    be            000 0 dut  </controlfield>
  <datafield tag="906" ind1=" " ind2=" ">
    <subfield code="a">7</subfield>
    <subfield code="b">cbc</subfield>
    <subfield code="c">origres</subfield>
    <subfield code="d">4</subfield>
    <subfield code="e">ncip</subfield>
    <subfield code="f">20</subfield>
    <subfield code="g">y-gencatlg</subfield>
  </datafield>
  <datafield tag="925" ind1="0" ind2=" ">
    <subfield code="a">acquire</subfield>
    <subfield code="b">1 shelf copy</subfield>
    <subfield code="x">policy default</subfield>
  </datafield>
  <datafield tag="955" ind1=" " ind2=" ">
    <subfield code="b">BD25 2016-06-13</subfield>
    <subfield code="b">bc12 2018-05-21 z-processor (telework)</subfield>
    <subfield code="i">bc12 2018-06-04 (telework) (overtime)</subfield>
    <subfield code="e">bc12 2018-06-12 to BCCD (ABAchecked &amp; Labeled)</subfield>
  </datafield>
  <datafield tag="010" ind1=" " ind2=" ">
    <subfield code="a">  2016398859</subfield>
  </datafield>
  <datafield tag="020" ind1=" " ind2=" ">
    <subfield code="a">9789038225579</subfield>
  </datafield>
  <datafield tag="020" ind1=" " ind2=" ">
    <subfield code="a">9038225571</subfield>
  </datafield>
  <datafield tag="040" ind1=" " ind2=" ">
    <subfield code="a">DLC</subfield>
    <subfield code="b">eng</subfield>
    <subfield code="e">rda</subfield>
    <subfield code="c">DLC</subfield>
  </datafield>
  <datafield tag="050" ind1="0" ind2="0">
    <subfield code="a">PT5585</subfield>
    <subfield code="b">.M34 2016</subfield>
  </datafield>
  <datafield tag="100" ind1="1" ind2=" ">
    <subfield code="a">Maesschalck, Yvan de,</subfield>
    <subfield code="d">1956-</subfield>
    <subfield code="e">author.</subfield>
  </datafield>
  <datafield tag="245" ind1="1" ind2="0">
    <subfield code="a">Vossenlucht :</subfield>
    <subfield code="b">over Reynaertpersonages en hun fictionele aanverwanten /</subfield>
    <subfield code="c">Yvan De Maesschalck.</subfield>
  </datafield>
  <datafield tag="264" ind1=" " ind2="1">
    <subfield code="a">Gent :</subfield>
    <subfield code="b">Academia Press,</subfield>
    <subfield code="c">2016.</subfield>
  </datafield>
  <datafield tag="300" ind1=" " ind2=" ">
    <subfield code="a">vi, 365 pages ;</subfield>
    <subfield code="c">24 cm</subfield>
  </datafield>
  <datafield tag="336" ind1=" " ind2=" ">
    <subfield code="a">text</subfield>
    <subfield code="b">txt</subfield>
    <subfield code="2">rdacontent</subfield>
  </datafield>
  <datafield tag="337" ind1=" " ind2=" ">
    <subfield code="a">unmediated</subfield>
    <subfield code="b">n</subfield>
    <subfield code="2">rdamedia</subfield>
  </datafield>
  <datafield tag="338" ind1=" " ind2=" ">
    <subfield code="a">volume</subfield>
    <subfield code="b">nc</subfield>
    <subfield code="2">rdacarrier</subfield>
  </datafield>
  <datafield tag="520" ind1="8" ind2=" ">
    <subfield code="a">Wordt er in de moderne Europese literatuur even vaak naar de populaire dierenverhalen Van den vos Reynaerde en Reynaerts historie verwezen als men graag veronderstelt? In de Nederlandse literatuur zijn de sporen vrij gemakkelijk te traceren. Maar geldt dat ook voor de literatuur die het Nederlandse taalgebied omgeeft? Behalve rechtstreekse of ironische verwijzingen naar de &apos;matière renardienne&apos; vormen de dierenpersonages zelf een vruchtbaar uitgangspunt om de overlevingskracht van deze traditie na te gaan. Dit boek is dan ook opgevat als een zoektocht naar verwante (dieren)figuren in de binnen- en buitenlandse letteren, in oudere en jongere teksten, in proza en poëzie. Hoewel het intussen gemeengoed is om de middeleeuwse vos te zien als de incarnatie van het kwaad, breekt de auteur tevens een lans voor de empathische kant van de vossenfiguur, die ook na eeuwen onderzoek even raadselachtig als ongrijpbaar blijft.</subfield>
  </datafield>
  <datafield tag="650" ind1=" " ind2="0">
    <subfield code="a">Reynard the Fox (Legendary character)</subfield>
  </datafield>
  <datafield tag="650" ind1=" " ind2="0">
    <subfield code="a">Dutch literature</subfield>
    <subfield code="y">To 1500</subfield>
    <subfield code="x">History and criticism.</subfield>
  </datafield>
  <datafield tag="923" ind1=" " ind2=" ">
    <subfield code="d">20160321</subfield>
    <subfield code="n">60008480</subfield>
    <subfield code="s">V00009436</subfield>
  </datafield>
  <datafield tag="985" ind1=" " ind2=" ">
    <subfield code="e">VENDOR LOAD</subfield>
  </datafield>
</record>