
<record>
  <leader>05178cam a22003377i 4500</leader>
  <controlfield tag="001">19038327</controlfield>
  <controlfield tag="005">20200103150614.0</controlfield>
  <controlfield tag="008">160331s2016    pau      b    001 0 eng  </controlfield>
  <datafield tag="906" ind1=" " ind2=" ">
    <subfield code="a">7</subfield>
    <subfield code="b">cbc</subfield>
    <subfield code="c">orignew</subfield>
    <subfield code="d">1</subfield>
    <subfield code="e">ecip</subfield>
    <subfield code="f">20</subfield>
    <subfield code="g">y-gencatlg</subfield>
  </datafield>
  <datafield tag="925" ind1="0" ind2=" ">
    <subfield code="a">acquire</subfield>
    <subfield code="b">1 shelf copy</subfield>
    <subfield code="x">policy default</subfield>
  </datafield>
  <datafield tag="955" ind1=" " ind2=" ">
    <subfield code="b">rm13 2016-03-31</subfield>
    <subfield code="i">rm13 2016-03-31 (telework)</subfield>
    <subfield code="w">xm06 2016-04-01</subfield>
    <subfield code="a">xn05 2016-06-23 1 copy rec&apos;d., to CIP ver.</subfield>
    <subfield code="f">rm06 2016-06-30 to CALM</subfield>
  </datafield>
  <datafield tag="010" ind1=" " ind2=" ">
    <subfield code="a">  2016006160</subfield>
  </datafield>
  <datafield tag="020" ind1=" " ind2=" ">
    <subfield code="a">9781522503415 (hardcover)</subfield>
  </datafield>
  <datafield tag="020" ind1=" " ind2=" ">
    <subfield code="z">9781522503422 (ebook)</subfield>
  </datafield>
  <datafield tag="040" ind1=" " ind2=" ">
    <subfield code="a">DLC</subfield>
    <subfield code="b">eng</subfield>
    <subfield code="c">DLC</subfield>
    <subfield code="e">rda</subfield>
    <subfield code="d">DLC</subfield>
  </datafield>
  <datafield tag="050" ind1="0" ind2="0">
    <subfield code="a">HD9000.5</subfield>
    <subfield code="b">.F59644 2016</subfield>
  </datafield>
  <datafield tag="082" ind1="0" ind2="0">
    <subfield code="a">338.1/9</subfield>
    <subfield code="2">23</subfield>
  </datafield>
  <datafield tag="245" ind1="0" ind2="0">
    <subfield code="a">Food science, production, and engineering in contemporary economies /</subfield>
    <subfield code="c">Andrei Jean-Vasile, Petroleum-Gas University of Ploiesti, Romania.</subfield>
  </datafield>
  <datafield tag="264" ind1=" " ind2="1">
    <subfield code="a">Hershey :</subfield>
    <subfield code="b">Information Science Reference, An Imprint of IGI Global,</subfield>
    <subfield code="c">[2016]</subfield>
  </datafield>
  <datafield tag="300" ind1=" " ind2=" ">
    <subfield code="a">xxiv, 473 pages ;</subfield>
    <subfield code="c">29 cm.</subfield>
  </datafield>
  <datafield tag="336" ind1=" " ind2=" ">
    <subfield code="a">text</subfield>
    <subfield code="2">rdacontent</subfield>
  </datafield>
  <datafield tag="337" ind1=" " ind2=" ">
    <subfield code="a">unmediated</subfield>
    <subfield code="2">rdamedia</subfield>
  </datafield>
  <datafield tag="338" ind1=" " ind2=" ">
    <subfield code="a">volume</subfield>
    <subfield code="2">rdacarrier</subfield>
  </datafield>
  <datafield tag="490" ind1="0" ind2=" ">
    <subfield code="a">A volume in the Advances in Environmental Engineering and Green Technologies (AEEGT) Book Series</subfield>
  </datafield>
  <datafield tag="504" ind1=" " ind2=" ">
    <subfield code="a">Includes bibliographical references and index.</subfield>
  </datafield>
  <datafield tag="505" ind1="0" ind2=" ">
    <subfield code="a">Preface -- Acknowledgment -- Trends and transformations in European agricultural economy, rural communities and food sustainability in context of new common agricultural policy / Jean Vasile Andrei, Petroleum-Gas University of Ploiesti, Romania, Alexandra Alecu, Petroleum-Gas University of Ploiesti, Romania -- Managing for the sustained success of organic food associations : a sustainable management approach from &quot;working with people&quot; model / Ignacio De Los Ríos Carmenado, Universidad Politécnica de Madrid, Spain, Hilario Becerril Hernandez, Colegio de Postgraduados de México, Mexico, María Rivera Mendez, Universidad Politécnica de Madrid, Spain, Carmen García Ferrer, Universidad Politécnica de Madrid, Spain -- Correlations and patterns of food and health consumer expenditure / Adrian Stancu, Petroleum-Gas University of Ploiesti, Romania -- The role of irrigation in the development of agriculture : Srem district (Serbia) / Vesna Popovic, Institute of Agricultural Economics, Serbia, Jonel Subic, Institute of Agricultural Economics, Serbia, Natalia Kljajic, Institute of Agricultural Economics, Serbia -- Food cultural values : an approach to multiculturality and interculturality / Gafu Cristina, Petroleum-Gas University of Ploiesti, Romania, Cristina Iridon, Petroleum-Gas University of Ploiesti, Romania -- Evolution of Romania&apos;s agricultural resources in the context of sustainable development / Lazar Cornel, Petroleum-Gas University of Ploiesti, Romania, Lazar Mirela, Petroleum-Gas University of Ploiesti, Romania -- Developing students&apos; English language skills and cultural awareness by means of food topics / Mihaela Badea, Petroleum-Gas University of Ploiesti, Romania, Diana Presada, Petroleum-Gas University of Ploiesti, Romania -- Perception of Romanian consumers on ecological products / Violeta Sima, Petroleum-Gas University of Ploiesti, Romania, Gheorghe Ileana, Petroleum-Gas University of Ploiesti, Romania -- Exploring the meal experience : customer perceptions of dark-dining / Stuart Lawton, Angell Akademie, Freiburg, Germany -- Food consumption expenditure and standard of living in Romania / Marian Zaharia, Petroleum-Gas University of Ploiesti, Romania, Rodica-Manuela Gogonea, Academy of Economic Studies, Bucharest, Romania -- Characteristics development of agriculture and agricultural policy Southeast European countries / Zoran Simonovic, Institute of Agricultural Economics Belgrade, Serbia, Predrag Vukovic, Institute of Agricultural Economics Belgrade, Serbia -- Sensory evaluation in food manufacturing : practical guidelines / Bogdan Florin Caliman, Unilever South Central Europe, Romania, Corina Ene, Petroleum-Gas University of Ploiesti, Romania -- Youth employability in WB countries : can they look up to youth in developed countries? / Jovan Zubovic, Institute of Economic Science, Serbia, Dejana Pavlovic, Institute of Economic Sciences, Serbia -- Multifaceted applications of green supply chain management / Kijpokin Kasemsap, Suan Sunandha Rajabhat University, Thailand -- Serbia and EFTA contributes to trade of agroindustrial products / Boris Kuzman, Institute of Agricultural Economics, Serbia, Milan Stegic, Faculty of Economics and Engineering Management, University of Novi Sad, Serbia -- Food consumption patterns in Romanian economy : a framework / Zaharia Marian, Petroleum-Gas University of Ploiesti, Romania, Aniela Balacescu, Constantin Brancui University of Târgu Jiu, Romania -- Health determinants : nutrition related facts / Mihaela Cristina Dragoi, Bucharest University of Economic Studies, Romania.</subfield>
  </datafield>
  <datafield tag="520" ind1=" " ind2=" ">
    <subfield code="a">&quot;This book features timely and relevant information on food system sustainability around the globe, highlighting best practices, theoretical concepts, and emergent research in the field&quot;--</subfield>
    <subfield code="c">Provided by publisher.</subfield>
  </datafield>
  <datafield tag="650" ind1=" " ind2="0">
    <subfield code="a">Food supply.</subfield>
  </datafield>
  <datafield tag="650" ind1=" " ind2="0">
    <subfield code="a">Agriculture</subfield>
    <subfield code="x">Economic aspects.</subfield>
  </datafield>
  <datafield tag="650" ind1=" " ind2="0">
    <subfield code="a">Sustainable development.</subfield>
  </datafield>
  <datafield tag="700" ind1="1" ind2=" ">
    <subfield code="a">Jean-Vasile, Andrei,</subfield>
    <subfield code="d">1982-</subfield>
    <subfield code="e">editor.</subfield>
  </datafield>
</record>