
<record>
  <leader>02634cam a22003617i 4500</leader>
  <controlfield tag="001">19039540</controlfield>
  <controlfield tag="005">20200103121051.0</controlfield>
  <controlfield tag="008">150612s2015    ne ae    b    001 0 eng  </controlfield>
  <datafield tag="906" ind1=" " ind2=" ">
    <subfield code="a">7</subfield>
    <subfield code="b">cbc</subfield>
    <subfield code="c">origres</subfield>
    <subfield code="d">3</subfield>
    <subfield code="e">ncip</subfield>
    <subfield code="f">20</subfield>
    <subfield code="g">y-gencatlg</subfield>
  </datafield>
  <datafield tag="925" ind1="0" ind2=" ">
    <subfield code="a">acquire</subfield>
    <subfield code="b">1 shelf copy</subfield>
    <subfield code="x">policy default</subfield>
  </datafield>
  <datafield tag="955" ind1=" " ind2=" ">
    <subfield code="b">bd24 2016-04-06</subfield>
    <subfield code="i">bc12 2018-05-07 (telework) (overtime)</subfield>
    <subfield code="e">bc12 2018-05-08 to BCCD (ABAchecked &amp; Labeled)</subfield>
  </datafield>
  <datafield tag="010" ind1=" " ind2=" ">
    <subfield code="a">  2016390238</subfield>
  </datafield>
  <datafield tag="020" ind1=" " ind2=" ">
    <subfield code="a">9789490322427 (paperback)</subfield>
  </datafield>
  <datafield tag="020" ind1=" " ind2=" ">
    <subfield code="a">9490322423 (paperback)</subfield>
  </datafield>
  <datafield tag="035" ind1=" " ind2=" ">
    <subfield code="a">(CaONFCNI)cou27944934</subfield>
  </datafield>
  <datafield tag="040" ind1=" " ind2=" ">
    <subfield code="a">DLC</subfield>
    <subfield code="b">eng</subfield>
    <subfield code="c">DLC</subfield>
    <subfield code="e">rda</subfield>
  </datafield>
  <datafield tag="050" ind1="0" ind2="0">
    <subfield code="a">NA680</subfield>
    <subfield code="b">.W25 2015</subfield>
  </datafield>
  <datafield tag="245" ind1="0" ind2="0">
    <subfield code="a">Walls that teach :</subfield>
    <subfield code="b">on the architecture of youth centres /</subfield>
    <subfield code="c">edited by Susanne Pietsch &amp; Andreas Müller.</subfield>
  </datafield>
  <datafield tag="246" ind1="3" ind2="0">
    <subfield code="a">On the architecture of youth centres</subfield>
  </datafield>
  <datafield tag="264" ind1=" " ind2="1">
    <subfield code="a">Heijningen, the Netherlands :</subfield>
    <subfield code="b">Jap Sam Books,</subfield>
    <subfield code="c">2015.</subfield>
  </datafield>
  <datafield tag="300" ind1=" " ind2=" ">
    <subfield code="a">262 pages :</subfield>
    <subfield code="b">illustrations (some color), plans ;</subfield>
    <subfield code="c">27 cm</subfield>
  </datafield>
  <datafield tag="336" ind1=" " ind2=" ">
    <subfield code="a">text</subfield>
    <subfield code="2">rdacontent</subfield>
  </datafield>
  <datafield tag="337" ind1=" " ind2=" ">
    <subfield code="a">unmediated</subfield>
    <subfield code="2">rdamedia</subfield>
  </datafield>
  <datafield tag="338" ind1=" " ind2=" ">
    <subfield code="a">volume</subfield>
    <subfield code="2">rdacarrier</subfield>
  </datafield>
  <datafield tag="500" ind1=" " ind2=" ">
    <subfield code="a">&quot;Containing fourteen essays and twenty-five case studies, this book traces the manifestations of the idea of pedagogical architecture of youth centres throughout the twentieth century&quot;--Page 4 of cover.</subfield>
  </datafield>
  <datafield tag="505" ind1="0" ind2=" ">
    <subfield code="a">Walls that teach / Andreas Müller, Susanne Pietsch-- Working Lads&apos; Clubs : buildings and equipment (1908) / Charles E.B. Russell, Lilian M. Rigby -- Housing youth work : architecturefor a new social institution / Dolf Broekhuizen -- The home of the Hitler youth at the exhibition Give me four years, Berlin, 1937 /Matthias Donath -- Open door youth work : architectural models(1966) / Wim Hoebink -- Love in the time of pinball / Jennifer Mack-- The recreation centre for people of all ages / Marco Di Nallo -- Withywood Youth Centre / Sue Robertson -- Khrushchev inwonderland : The Pioneer Palace in Moscow&apos;s Lenin Hills, 1962 /Susan E. Reid -- Participation and development : Frank van Klingeren&apos;s Jeugdgebouw Noord in Amsterdam / Marina van den Bergen,Piet Vollaard -- A thousand youth clubs : architecture, mass leisure and the rejuvenation of post-war France / Tom Avermaete --Empty factory successfully squatted-- to become a youth centre(1971) / Kreuzberger Stadtteil-Zeitung -- Peter Hübner&apos;s self-build youth clubs / Peter Blundell Jones -- Built paradoxes of youth work / Andreas Müller, Susanne Pietsch.</subfield>
  </datafield>
  <datafield tag="650" ind1=" " ind2="0">
    <subfield code="a">Architecture, Modern</subfield>
    <subfield code="y">20th century.</subfield>
  </datafield>
  <datafield tag="650" ind1=" " ind2="0">
    <subfield code="a">Youth centers.</subfield>
  </datafield>
  <datafield tag="650" ind1=" " ind2="0">
    <subfield code="a">Public architecture.</subfield>
  </datafield>
  <datafield tag="700" ind1="1" ind2=" ">
    <subfield code="a">Pietsch, Susanne,</subfield>
    <subfield code="e">editor.</subfield>
  </datafield>
  <datafield tag="700" ind1="1" ind2=" ">
    <subfield code="a">Müller, Andreas,</subfield>
    <subfield code="e">editor.</subfield>
  </datafield>
  <datafield tag="923" ind1=" " ind2=" ">
    <subfield code="d">03-24-16</subfield>
    <subfield code="n">I-20092734</subfield>
    <subfield code="s">93000177</subfield>
  </datafield>
  <datafield tag="985" ind1=" " ind2=" ">
    <subfield code="e">VENDOR LOAD</subfield>
  </datafield>
</record>