
<record>
  <leader>03133cam a22003857i 4500</leader>
  <controlfield tag="001">19039902</controlfield>
  <controlfield tag="005">20200103121054.0</controlfield>
  <controlfield tag="008">151217t20152015pe       b    000 0 spa c</controlfield>
  <datafield tag="906" ind1=" " ind2=" ">
    <subfield code="a">7</subfield>
    <subfield code="b">cbc</subfield>
    <subfield code="c">pccadap</subfield>
    <subfield code="d">3</subfield>
    <subfield code="e">ncip</subfield>
    <subfield code="f">20</subfield>
    <subfield code="g">y-gencatlg</subfield>
  </datafield>
  <datafield tag="925" ind1="0" ind2=" ">
    <subfield code="a">acquire</subfield>
    <subfield code="b">1 shelf copy</subfield>
    <subfield code="x">policy default</subfield>
  </datafield>
  <datafield tag="955" ind1=" " ind2=" ">
    <subfield code="b">bg22 2016-06-21 to ALAWE/SA</subfield>
    <subfield code="b">bc12 2017-08-17 z-processor</subfield>
    <subfield code="i">bc12 2017-08-21 (telework)</subfield>
    <subfield code="e">bc12 2017-08-24 to BCCD (ABACheck &amp; Labeled)</subfield>
  </datafield>
  <datafield tag="010" ind1=" " ind2=" ">
    <subfield code="a">  2016392693</subfield>
  </datafield>
  <datafield tag="020" ind1=" " ind2=" ">
    <subfield code="a">9789972904967</subfield>
  </datafield>
  <datafield tag="020" ind1=" " ind2=" ">
    <subfield code="a">9972904962</subfield>
  </datafield>
  <datafield tag="035" ind1=" " ind2=" ">
    <subfield code="a">(OCoLC)ocn945677866</subfield>
  </datafield>
  <datafield tag="040" ind1=" " ind2=" ">
    <subfield code="a">IQU</subfield>
    <subfield code="b">eng</subfield>
    <subfield code="c">IQU</subfield>
    <subfield code="e">rda</subfield>
    <subfield code="d">FUG</subfield>
    <subfield code="d">OCLCF</subfield>
    <subfield code="d">UBY</subfield>
    <subfield code="d">DLC</subfield>
  </datafield>
  <datafield tag="041" ind1="0" ind2=" ">
    <subfield code="a">spa</subfield>
    <subfield code="a">eng</subfield>
  </datafield>
  <datafield tag="050" ind1="0" ind2="0">
    <subfield code="a">QC981.8.C5</subfield>
    <subfield code="b">V4695 2015</subfield>
  </datafield>
  <datafield tag="100" ind1="1" ind2=" ">
    <subfield code="a">Vera Esquivel, Germán,</subfield>
    <subfield code="d">1966-</subfield>
    <subfield code="e">author.</subfield>
  </datafield>
  <datafield tag="245" ind1="1" ind2="3">
    <subfield code="a">El cambio climático y sus posibles soluciones :</subfield>
    <subfield code="b">lo que los estados, las empresas y los ciudadanos pueden hacer /</subfield>
    <subfield code="c">Germán Vera Esquivel.</subfield>
  </datafield>
  <datafield tag="250" ind1=" " ind2=" ">
    <subfield code="a">1a edición.</subfield>
  </datafield>
  <datafield tag="264" ind1=" " ind2="1">
    <subfield code="a">Lima :</subfield>
    <subfield code="b">Instituto de Estudios Social Cristianos :</subfield>
    <subfield code="b">Ediciones El Virrey,</subfield>
    <subfield code="c">2015.</subfield>
  </datafield>
  <datafield tag="264" ind1=" " ind2="4">
    <subfield code="c">©2015</subfield>
  </datafield>
  <datafield tag="300" ind1=" " ind2=" ">
    <subfield code="a">184 pages ;</subfield>
    <subfield code="c">21 cm</subfield>
  </datafield>
  <datafield tag="336" ind1=" " ind2=" ">
    <subfield code="a">text</subfield>
    <subfield code="b">txt</subfield>
    <subfield code="2">rdacontent</subfield>
  </datafield>
  <datafield tag="337" ind1=" " ind2=" ">
    <subfield code="a">unmediated</subfield>
    <subfield code="b">n</subfield>
    <subfield code="2">rdamedia</subfield>
  </datafield>
  <datafield tag="338" ind1=" " ind2=" ">
    <subfield code="a">volume</subfield>
    <subfield code="b">nc</subfield>
    <subfield code="2">rdacarrier</subfield>
  </datafield>
  <datafield tag="546" ind1=" " ind2=" ">
    <subfield code="a">Articles in Spanish and English.</subfield>
  </datafield>
  <datafield tag="504" ind1=" " ind2=" ">
    <subfield code="a">Includes bibliographical references (pages 149-158).</subfield>
  </datafield>
  <datafield tag="505" ind1="0" ind2=" ">
    <subfield code="a">El Cambio Climático y sus Posibles Soluciones. Lo que los Estados, las Empresas y los Ciudadanos pueden hacer para resolver este problema global -- La Politica Ambiental Peruana y el Protocolo de Kioto -- El Desafio del Cambio Climáico y el Derecho Internacional. Respuestas desde la Politica Ambiental Peruana -- El Derecho del Cambio Climåtico -- La Politica Exterior Peruana y Rio + 20: Balance de dos décadas (1992-2012) -- La Equidad. Indicadores o métodos para medirla en las negociaciones del Cambio Climático. Una visión desde la Sociedad Civil -- Mirando las Negociaciones internacionales sobre Cambio Climáico de la COP20 en Lima -- Las Negociaciones del Cambio Climáico: De la COP20 de Lima a la COP21 de Paris -- Experiencias exitosas de empresas peruanas en la reducción de su &quot;huella de carbono.</subfield>
  </datafield>
  <datafield tag="520" ind1=" " ind2=" ">
    <subfield code="a">&quot;Los dos hitos claves en la historia del cambio climático en el año 2015 la Encíclica papal Laudato Si y la próxima realización de la COP 21 en Paris- han Ilevado al autor a presentar esta obra. Este libro contiene un conjunto de ensayos y discursos escritos por él entre los años 2005 y 2015. Todos estos textos poseen como hilo conductor el hecho que se refierenal cambio climático. A través de ellos se pueden apreciar algunos de los temas principales de esta problemática global. Del mismo modo, los ensayos y discursos permiten observar cómo ha evolucionado el  tratamiento de este asunto en la áltima década. Igualmente, todos estos textos contienen reflexiones interesantes sobre lineamientos de politica ambiental poniendo de relieve que el cambio climático se ha convertido en el tema que todo ciudadano debe conocer.&quot;--Page 4 of cover.</subfield>
  </datafield>
  <datafield tag="650" ind1=" " ind2="0">
    <subfield code="a">Climatic changes.</subfield>
  </datafield>
  <datafield tag="650" ind1=" " ind2="0">
    <subfield code="a">Global warming.</subfield>
  </datafield>
  <datafield tag="923" ind1=" " ind2=" ">
    <subfield code="d">20160307</subfield>
    <subfield code="n">6865</subfield>
    <subfield code="s">PE-LiEIC</subfield>
  </datafield>
  <datafield tag="985" ind1=" " ind2=" ">
    <subfield code="e">VENDOR LOAD</subfield>
  </datafield>
</record>