
<record>
  <leader>03044cam a22004097i 4500</leader>
  <controlfield tag="001">19039921</controlfield>
  <controlfield tag="005">20200103150615.0</controlfield>
  <controlfield tag="008">151228t20162016pe       b    000 0 spa c</controlfield>
  <datafield tag="906" ind1=" " ind2=" ">
    <subfield code="a">7</subfield>
    <subfield code="b">cbc</subfield>
    <subfield code="c">pccadap</subfield>
    <subfield code="d">2</subfield>
    <subfield code="e">ncip</subfield>
    <subfield code="f">20</subfield>
    <subfield code="g">y-gencatlg</subfield>
  </datafield>
  <datafield tag="925" ind1="0" ind2=" ">
    <subfield code="a">acquire</subfield>
    <subfield code="b">1 shelf copy</subfield>
    <subfield code="x">policy default</subfield>
  </datafield>
  <datafield tag="955" ind1=" " ind2=" ">
    <subfield code="b">bg22 2016-06-21 to ALAWE/SA</subfield>
    <subfield code="b">bc12 2017-08-17 z-processor</subfield>
    <subfield code="i">bc12 2017-08-21 (telework)</subfield>
    <subfield code="e">bc12 2017-08-24 to BCCD (ABACheck &amp; Labeled)</subfield>
  </datafield>
  <datafield tag="010" ind1=" " ind2=" ">
    <subfield code="a">  2016392691</subfield>
  </datafield>
  <datafield tag="020" ind1=" " ind2=" ">
    <subfield code="a">9786124698514</subfield>
  </datafield>
  <datafield tag="020" ind1=" " ind2=" ">
    <subfield code="a">612469851X</subfield>
  </datafield>
  <datafield tag="035" ind1=" " ind2=" ">
    <subfield code="a">(OCoLC)ocn945677997</subfield>
  </datafield>
  <datafield tag="040" ind1=" " ind2=" ">
    <subfield code="a">IQU</subfield>
    <subfield code="b">eng</subfield>
    <subfield code="c">IQU</subfield>
    <subfield code="e">rda</subfield>
    <subfield code="d">FUG</subfield>
    <subfield code="d">OCLCF</subfield>
    <subfield code="d">IQU</subfield>
    <subfield code="d">STF</subfield>
    <subfield code="d">PIT</subfield>
    <subfield code="d">CHVBK</subfield>
    <subfield code="d">IXA</subfield>
    <subfield code="d">ZCU</subfield>
    <subfield code="d">COO</subfield>
    <subfield code="d">UBY</subfield>
    <subfield code="d">DLC</subfield>
  </datafield>
  <datafield tag="043" ind1=" " ind2=" ">
    <subfield code="a">s-pe---</subfield>
  </datafield>
  <datafield tag="050" ind1="0" ind2="0">
    <subfield code="a">HM831</subfield>
    <subfield code="b">.N84 2016</subfield>
  </datafield>
  <datafield tag="100" ind1="1" ind2=" ">
    <subfield code="a">Nugent, José Guillermo,</subfield>
    <subfield code="e">author.</subfield>
  </datafield>
  <datafield tag="245" ind1="1" ind2="0">
    <subfield code="a">Errados y errantes :</subfield>
    <subfield code="b">modos de comunicación en la cultura peruana /</subfield>
    <subfield code="c">Guillermo Nugent.</subfield>
  </datafield>
  <datafield tag="250" ind1=" " ind2=" ">
    <subfield code="a">Primera edición.</subfield>
  </datafield>
  <datafield tag="264" ind1=" " ind2="1">
    <subfield code="a">Lima, Perú :</subfield>
    <subfield code="b">La Siniestra Ensayos,</subfield>
    <subfield code="c">2016.</subfield>
  </datafield>
  <datafield tag="264" ind1=" " ind2="3">
    <subfield code="a">Chorrillos :</subfield>
    <subfield code="b">Metrocolor S.A.,</subfield>
    <subfield code="c">2016.</subfield>
  </datafield>
  <datafield tag="264" ind1=" " ind2="4">
    <subfield code="c">©2016</subfield>
  </datafield>
  <datafield tag="300" ind1=" " ind2=" ">
    <subfield code="a">251 pages ;</subfield>
    <subfield code="c">23 cm</subfield>
  </datafield>
  <datafield tag="336" ind1=" " ind2=" ">
    <subfield code="a">text</subfield>
    <subfield code="b">txt</subfield>
    <subfield code="2">rdacontent</subfield>
  </datafield>
  <datafield tag="337" ind1=" " ind2=" ">
    <subfield code="a">unmediated</subfield>
    <subfield code="b">n</subfield>
    <subfield code="2">rdamedia</subfield>
  </datafield>
  <datafield tag="338" ind1=" " ind2=" ">
    <subfield code="a">volume</subfield>
    <subfield code="b">nc</subfield>
    <subfield code="2">rdacarrier</subfield>
  </datafield>
  <datafield tag="504" ind1=" " ind2=" ">
    <subfield code="a">Includes bibliographical references.</subfield>
  </datafield>
  <datafield tag="505" ind1="0" ind2=" ">
    <subfield code="a">Introducción -- Las perspectivas del mundo de la Vida en las investigaciones de las ciencias sociales -- El poder delgado. Fusiones, lejanias y cercanias en el diseño cultural peruano --  Composición sin titulo -- La nación casi aparte. El debate sobre el derecho al sufragio en la Asamblea Constituyente de 1979 -- Errados y errantes. Un discurso sobre alteridad y empatía --  Entrevista a Guillermo Nugent.</subfield>
  </datafield>
  <datafield tag="520" ind1=" " ind2=" ">
    <subfield code="a">&quot;Guillermo Nugent elabora en estas påginas un alegato en favor de la empatia, de la capacidad de encontrar algunos parecidos båsicos entre nosotros y, solamente a partir de ellos, reconocer las diferencias.  Pues nuestro camino mås transitado ha sido el inverso: enfatizar las diferencias, y siempre de modo jerårquico. Nunca como iguales.  Estos ensayos reflexionan -- desde los debates parlamentarios sobre el voto &apos;Canalfabeto&quot; en 1979, hasta el poder simbólico de José Maria  Arguedas -- sobre la posibilidad de aceptar que vivimos en una sociedad  pluralista, que implica la critica de algunos modos de comunicaci6n y la  invenciön de formas respetuosas y animadas de la conversaci6n påblica. ¿Cómo se reconstruye un país tras convulsos años de encuentros y desencuentros?, ¿cómo puede entenderse el murmullo de la calle, la vida de todos los días?, ¿cuál es el significado de&quot;papelito manda&quot;?, ¿cómo se imaginan &quot;los lugares más alejados del país?, ¿la mayor parte de los problemas públicos se debe &quot;al bajo nivel educativo de la población&quot;?. Los capítulos de este libro de Guillermo Nugent buscan responder estas preguntas&quot;--Page 4 of cover.</subfield>
  </datafield>
  <datafield tag="650" ind1=" " ind2="0">
    <subfield code="a">Social change</subfield>
    <subfield code="z">Peru.</subfield>
  </datafield>
  <datafield tag="650" ind1=" " ind2="0">
    <subfield code="a">Writing</subfield>
    <subfield code="z">Peru</subfield>
    <subfield code="x">History.</subfield>
  </datafield>
  <datafield tag="650" ind1=" " ind2="0">
    <subfield code="a">Culture</subfield>
    <subfield code="x">History.</subfield>
  </datafield>
  <datafield tag="650" ind1=" " ind2="0">
    <subfield code="a">Empathy.</subfield>
  </datafield>
  <datafield tag="923" ind1=" " ind2=" ">
    <subfield code="d">20160307</subfield>
    <subfield code="n">6865</subfield>
    <subfield code="s">PE-LiEIC</subfield>
  </datafield>
  <datafield tag="985" ind1=" " ind2=" ">
    <subfield code="e">VENDOR LOAD</subfield>
  </datafield>
</record>