
<record>
  <leader>02870cam a22004337i 4500</leader>
  <controlfield tag="001">19043100</controlfield>
  <controlfield tag="005">20200103150618.0</controlfield>
  <controlfield tag="008">160405s2016    gw a     b    001 0 ger  </controlfield>
  <datafield tag="906" ind1=" " ind2=" ">
    <subfield code="a">7</subfield>
    <subfield code="b">cbc</subfield>
    <subfield code="c">origres</subfield>
    <subfield code="d">2</subfield>
    <subfield code="e">ncip</subfield>
    <subfield code="f">20</subfield>
    <subfield code="g">y-gencatlg</subfield>
  </datafield>
  <datafield tag="925" ind1="0" ind2=" ">
    <subfield code="a">acquire</subfield>
    <subfield code="b">1 shelf copy</subfield>
    <subfield code="x">policy default</subfield>
  </datafield>
  <datafield tag="955" ind1=" " ind2=" ">
    <subfield code="b">rk11 2016-04-05 z-processor</subfield>
    <subfield code="i">rk11 2016-04-05 to SHEd</subfield>
    <subfield code="e">tc12 2016-07-15 to Dewey</subfield>
    <subfield code="w">xm09 2016-07-21</subfield>
  </datafield>
  <datafield tag="010" ind1=" " ind2=" ">
    <subfield code="a">  2015510117</subfield>
  </datafield>
  <datafield tag="020" ind1=" " ind2=" ">
    <subfield code="a">9783035609370</subfield>
  </datafield>
  <datafield tag="020" ind1=" " ind2=" ">
    <subfield code="a">3035609373</subfield>
  </datafield>
  <datafield tag="020" ind1=" " ind2=" ">
    <subfield code="a">9783035609417</subfield>
  </datafield>
  <datafield tag="020" ind1=" " ind2=" ">
    <subfield code="a">3035609411</subfield>
  </datafield>
  <datafield tag="040" ind1=" " ind2=" ">
    <subfield code="a">DLC</subfield>
    <subfield code="b">eng</subfield>
    <subfield code="e">rda</subfield>
    <subfield code="c">DLC</subfield>
    <subfield code="d">DLC</subfield>
  </datafield>
  <datafield tag="041" ind1="0" ind2=" ">
    <subfield code="a">eng</subfield>
    <subfield code="a">ger</subfield>
  </datafield>
  <datafield tag="043" ind1=" " ind2=" ">
    <subfield code="a">e-au---</subfield>
  </datafield>
  <datafield tag="050" ind1="0" ind2="0">
    <subfield code="a">NA4178.V54</subfield>
    <subfield code="b">Z335 2016</subfield>
  </datafield>
  <datafield tag="082" ind1="0" ind2="0">
    <subfield code="a">720.9436/13</subfield>
    <subfield code="2">23</subfield>
  </datafield>
  <datafield tag="245" ind1="0" ind2="0">
    <subfield code="a">Josef Plečnik, Zacherlhaus :</subfield>
    <subfield code="b">Geschichte und Architektur eines Wiener Stadthauses /</subfield>
    <subfield code="c">Herausgeber, Nikolaus Zacherl, Peter Zacherl, Ulrich Zacherl ; Auturen, Kenneth Frampton, Franziska Leeb, Ákos Moravánszky, Boris Podrecca, Damjan Prelovšek, Jindřich Vybíral = The Zacherl House by Jože Plečnik : the history and architecture of a Viennese townhouse / editors, Nikolaus Zacherl, Peter Zacherl, Ulrich Zacherl ; authors, Kenneth Frampton, Franziska Leeb, Ákos Moravánszky, Boris Podrecca, Damjan Prelovšek, Jindřich Vybíral.</subfield>
  </datafield>
  <datafield tag="246" ind1="3" ind2="1">
    <subfield code="a">Zacherl House by Jože Plečnik</subfield>
  </datafield>
  <datafield tag="264" ind1=" " ind2="1">
    <subfield code="a">Basel :</subfield>
    <subfield code="b">Birkhäuser,</subfield>
    <subfield code="c">[2016]</subfield>
  </datafield>
  <datafield tag="300" ind1=" " ind2=" ">
    <subfield code="a">286 pages :</subfield>
    <subfield code="b">illustrations ;</subfield>
    <subfield code="c">27 cm</subfield>
  </datafield>
  <datafield tag="336" ind1=" " ind2=" ">
    <subfield code="a">text</subfield>
    <subfield code="b">txt</subfield>
    <subfield code="2">rdacontent</subfield>
  </datafield>
  <datafield tag="336" ind1=" " ind2=" ">
    <subfield code="a">still image</subfield>
    <subfield code="2">rdacontent</subfield>
  </datafield>
  <datafield tag="337" ind1=" " ind2=" ">
    <subfield code="a">unmediated</subfield>
    <subfield code="b">n</subfield>
    <subfield code="2">rdamedia</subfield>
  </datafield>
  <datafield tag="338" ind1=" " ind2=" ">
    <subfield code="a">volume</subfield>
    <subfield code="b">nc</subfield>
    <subfield code="2">rdacarrier</subfield>
  </datafield>
  <datafield tag="520" ind1="8" ind2=" ">
    <subfield code="a">The Zacherlhaus is located in the heart of Vienna, just 180 meters from St. Stephen&apos;s Cathedral, and is one of the most important buildings created by the Otto Wagner School. It was built in the years from 1900 to 1913 and designed for its owner Johann Zacherl by Joesef Plecnik, who later taught at the Academy of Fine Arts in Prague and from 1925 worked on the urban renewal of Ljubljana. It was the first combined residential and commercial building of modern style in the historic inner city and is one of the best known buildings in Vienna. This generously illustrated, authentic publication documents the building and its thorough renovation, which will be completed in 2015; it includes contributions by experts on European architecture of the 20th century.</subfield>
  </datafield>
  <datafield tag="546" ind1=" " ind2=" ">
    <subfield code="a">German and English in parallel columns.</subfield>
  </datafield>
  <datafield tag="504" ind1=" " ind2=" ">
    <subfield code="a">Includes bibliographical references (page 280) and index.</subfield>
  </datafield>
  <datafield tag="610" ind1="2" ind2="0">
    <subfield code="a">Zacherlhaus (Vienna, Austria)</subfield>
  </datafield>
  <datafield tag="600" ind1="1" ind2="0">
    <subfield code="a">Plečnik, Jože,</subfield>
    <subfield code="d">1872-1957</subfield>
    <subfield code="x">Criticism and interpretation.</subfield>
  </datafield>
  <datafield tag="600" ind1="1" ind2="0">
    <subfield code="a">Zacherl, Johann Evangelist,</subfield>
    <subfield code="d">1857-1936</subfield>
    <subfield code="x">Homes and haunts</subfield>
    <subfield code="z">Austria</subfield>
    <subfield code="z">Vienna.</subfield>
  </datafield>
  <datafield tag="650" ind1=" " ind2="0">
    <subfield code="a">Modern movement (Architecture)</subfield>
    <subfield code="z">Austria</subfield>
    <subfield code="z">Vienna.</subfield>
  </datafield>
  <datafield tag="651" ind1=" " ind2="0">
    <subfield code="a">Vienna (Austria)</subfield>
    <subfield code="x">Buildings, structures, etc.</subfield>
  </datafield>
  <datafield tag="700" ind1="1" ind2=" ">
    <subfield code="a">Frampton, Kenneth.</subfield>
  </datafield>
  <datafield tag="730" ind1="0" ind2="2">
    <subfield code="a">Josef Plečnik, Zacherlhaus.</subfield>
    <subfield code="l">English.</subfield>
  </datafield>
</record>