
<record>
  <leader>03026cam a22003497i 4500</leader>
  <controlfield tag="001">19055366</controlfield>
  <controlfield tag="005">20200103150620.0</controlfield>
  <controlfield tag="008">160414s2016    pau      b    001 0 eng  </controlfield>
  <datafield tag="906" ind1=" " ind2=" ">
    <subfield code="a">7</subfield>
    <subfield code="b">cbc</subfield>
    <subfield code="c">orignew</subfield>
    <subfield code="d">1</subfield>
    <subfield code="e">ecip</subfield>
    <subfield code="f">20</subfield>
    <subfield code="g">y-gencatlg</subfield>
  </datafield>
  <datafield tag="925" ind1="0" ind2=" ">
    <subfield code="a">acquire</subfield>
    <subfield code="b">1 shelf copy</subfield>
    <subfield code="x">policy default</subfield>
  </datafield>
  <datafield tag="955" ind1=" " ind2=" ">
    <subfield code="b">rm13 2016-04-14</subfield>
    <subfield code="i">rm13 2016-04-14 (telework)</subfield>
    <subfield code="w">xm06 2016-04-14</subfield>
    <subfield code="a">xn05 2016-06-23 1 copy rec&apos;d., to CIP ver.</subfield>
    <subfield code="f">rm06 2016-06-30 to CALM</subfield>
  </datafield>
  <datafield tag="010" ind1=" " ind2=" ">
    <subfield code="a">  2016006120</subfield>
  </datafield>
  <datafield tag="020" ind1=" " ind2=" ">
    <subfield code="a">9781522503507 (hardcover : alk. paper)</subfield>
  </datafield>
  <datafield tag="020" ind1=" " ind2=" ">
    <subfield code="z">9781522503514 (ebook)</subfield>
  </datafield>
  <datafield tag="040" ind1=" " ind2=" ">
    <subfield code="a">DLC</subfield>
    <subfield code="b">eng</subfield>
    <subfield code="c">DLC</subfield>
    <subfield code="e">rda</subfield>
    <subfield code="d">DLC</subfield>
  </datafield>
  <datafield tag="050" ind1="0" ind2="0">
    <subfield code="a">HD38.5</subfield>
    <subfield code="b">.S767 2016</subfield>
  </datafield>
  <datafield tag="082" ind1="0" ind2="0">
    <subfield code="a">658.4/012</subfield>
    <subfield code="2">23</subfield>
  </datafield>
  <datafield tag="245" ind1="0" ind2="0">
    <subfield code="a">Strategic management of sustainable manufacturing operations /</subfield>
    <subfield code="c">Rameshwar Dubey, Symbiosis International University, India, Angappa Gunasekaran, University of Massachuesetts, Dartmouth, USA.</subfield>
  </datafield>
  <datafield tag="264" ind1=" " ind2="1">
    <subfield code="a">Hershey, PA :</subfield>
    <subfield code="b">Business Science Reference, An Imprint of IGI Global,</subfield>
    <subfield code="c">[2016]</subfield>
  </datafield>
  <datafield tag="300" ind1=" " ind2=" ">
    <subfield code="a">xv, 419 pages ;</subfield>
    <subfield code="c">29 cm.</subfield>
  </datafield>
  <datafield tag="336" ind1=" " ind2=" ">
    <subfield code="a">text</subfield>
    <subfield code="2">rdacontent</subfield>
  </datafield>
  <datafield tag="337" ind1=" " ind2=" ">
    <subfield code="a">unmediated</subfield>
    <subfield code="2">rdamedia</subfield>
  </datafield>
  <datafield tag="338" ind1=" " ind2=" ">
    <subfield code="a">volume</subfield>
    <subfield code="2">rdacarrier</subfield>
  </datafield>
  <datafield tag="490" ind1="0" ind2=" ">
    <subfield code="a">A volume in the Advances in Logistics, Operations, and Management Science (ALOMS) Book Series</subfield>
  </datafield>
  <datafield tag="504" ind1=" " ind2=" ">
    <subfield code="a">Includes bibliographical references (pages 349-411) and index.</subfield>
  </datafield>
  <datafield tag="505" ind1="0" ind2=" ">
    <subfield code="a">Preface -- &quot;Green&quot; supply chain management : resource allocation strategies for sustainable operations -- An empirical study on factors leading to employee retention for manufacturing industry in India -- Enablers of sustainable manufacturing overview, framework and further research directions -- Environmental accounting for industrial growth and sustainable development in India- an overview and theoretical framework -- Identifying gscm enablers in South African mining industry using ecological modernization theory approach -- Modeling the soft skills of green procurement professionals using ISM -- Role of sustainable procurement in sustainable manufacturing operations : an Indian insight -- Supply chain social sustainability and manufacturing -- Sustainable business development by responding to climate change : a case of the Tata group -- Sustainable development and the integration of normative standards -- Sustainable non traditional manufacturing processes : a case with electrochemical machining (ECM) -- Sustainable supply chain : an institutional perspective -- Sustainable supply chain : literature review, the use of theory and further research directions -- The role of sustainable performance measurement system in global supply chain.</subfield>
  </datafield>
  <datafield tag="520" ind1=" " ind2=" ">
    <subfield code="a">&quot;This book features an inclusive overview of various management practices that contribute to the sustainability efforts of an organization, highlighting successful techniques being implemented and utilized by different companies&quot;--</subfield>
    <subfield code="c">Provided by publisher.</subfield>
  </datafield>
  <datafield tag="650" ind1=" " ind2="0">
    <subfield code="a">Business logistics</subfield>
    <subfield code="x">Environmental aspects.</subfield>
  </datafield>
  <datafield tag="650" ind1=" " ind2="0">
    <subfield code="a">Organizational change.</subfield>
  </datafield>
  <datafield tag="650" ind1=" " ind2="0">
    <subfield code="a">Sustainable development.</subfield>
  </datafield>
  <datafield tag="700" ind1="1" ind2=" ">
    <subfield code="a">Dubey, Rameshwar,</subfield>
    <subfield code="d">1977-</subfield>
    <subfield code="e">editor.</subfield>
  </datafield>
  <datafield tag="700" ind1="1" ind2=" ">
    <subfield code="a">Gunasekaran, A.,</subfield>
    <subfield code="e">editor.</subfield>
  </datafield>
</record>