
<record>
  <leader>02937cam a22003377i 4500</leader>
  <controlfield tag="001">19055901</controlfield>
  <controlfield tag="005">20200103121059.0</controlfield>
  <controlfield tag="008">160414s2015    ru a     b    100 0 rus  </controlfield>
  <datafield tag="906" ind1=" " ind2=" ">
    <subfield code="a">7</subfield>
    <subfield code="b">cbc</subfield>
    <subfield code="c">orignew</subfield>
    <subfield code="d">2</subfield>
    <subfield code="e">ncip</subfield>
    <subfield code="f">20</subfield>
    <subfield code="g">y-nonroman</subfield>
  </datafield>
  <datafield tag="925" ind1="0" ind2=" ">
    <subfield code="a">acquire</subfield>
    <subfield code="b">1 shelf copy</subfield>
    <subfield code="x">policy default</subfield>
  </datafield>
  <datafield tag="955" ind1=" " ind2=" ">
    <subfield code="b">fe15 2016-04-14 telework to cat.</subfield>
    <subfield code="a">fe00 2016-04-20 to GS/RUS</subfield>
    <subfield code="h">ti55 2018-05-29 BSLW</subfield>
    <subfield code="r">fe01 2018-06-28 to shelf</subfield>
  </datafield>
  <datafield tag="010" ind1=" " ind2=" ">
    <subfield code="a">  2016375032</subfield>
  </datafield>
  <datafield tag="020" ind1=" " ind2=" ">
    <subfield code="a">9785993103273 (pbk.)</subfield>
  </datafield>
  <datafield tag="040" ind1=" " ind2=" ">
    <subfield code="a">DLC</subfield>
    <subfield code="b">eng</subfield>
    <subfield code="e">rda</subfield>
    <subfield code="c">DLC</subfield>
  </datafield>
  <datafield tag="050" ind1="0" ind2="0">
    <subfield code="a">MLCS 2018/44969</subfield>
  </datafield>
  <datafield tag="066" ind1=" " ind2=" ">
    <subfield code="c">(N</subfield>
  </datafield>
  <datafield tag="111" ind1="2" ind2=" ">
    <subfield code="a">Slavi︠a︡nskie chtenii︠a︡ (Tara, Omskai︠a︡ oblastʹ, Russia)</subfield>
    <subfield code="n">(10th :</subfield>
    <subfield code="d">2015)</subfield>
  </datafield>
  <datafield tag="245" ind1="1" ind2="0">
    <subfield code="6">880-01</subfield>
    <subfield code="a">Slavi︠a︡nskie chtenii︠a︡--10 :</subfield>
    <subfield code="b">sbornik stateĭ mezhdunarodnoĭ nauchno-prakticheskoĭ konferent︠s︡ii, 22 mai︠a︡ 2015 /</subfield>
    <subfield code="c">redakt︠s︡ionnai︠a︡ kollegii︠a︡: Matuzova Tatʹi︠a︡na Aleksandrovna, kandidat filologicheskikh nauk, dot︠s︡ent, dekan fakulʹteta filologii, istorii i prava filiala OmGPU v g. Tare ; Kiseleva Natalʹi︠a︡ Aleksandrovna, kandidat pedagogicheskikh nauk, zavedui︠u︡shchiĭ kafedroĭ russkogo i inostrannykh i︠a︡zykov filiala OmGPU v g. Tare ; Ant︠s︡igina Li︠u︡dmila Kirillovna, kandidat pedagogicheskikh nauk, dot︠s︡ent kafedry russkogo i inostrannykh i︠a︡zykov filiala OmGPU v g. Tare.</subfield>
  </datafield>
  <datafield tag="880" ind1="1" ind2="0">
    <subfield code="6">245-01/(N</subfield>
    <subfield code="a">Славянские чтения--10 :</subfield>
    <subfield code="b">сборник статей международной научно-практической конференции, 22 мая 2015 /</subfield>
    <subfield code="c">редакционная коллегия: Матузова Татьяна Александровна, кандидат филологических наук, доцент, декан факультета филологии, истории и права филиала ОмГПУ в г. Таре ; Киселева Наталья Александровна, кандидат педагогических наук, заведующий кафедрой русского и иностранных языков филиала ОмГПУ в г. Таре ; Анцигина Людмила Кирилловна, кандидат педагогических наук, доцент кафедры русского и иностранных языков филиала ОмГПУ в г. Таре.</subfield>
  </datafield>
  <datafield tag="264" ind1=" " ind2="1">
    <subfield code="6">880-02</subfield>
    <subfield code="a">Omsk :</subfield>
    <subfield code="b">Poligraficheskiĭ t︠s︡entr KAN,</subfield>
    <subfield code="c">2015.</subfield>
  </datafield>
  <datafield tag="880" ind1=" " ind2="1">
    <subfield code="6">264-02/(N</subfield>
    <subfield code="a">Омск :</subfield>
    <subfield code="b">Полиграфический центр КАН,</subfield>
    <subfield code="c">2015.</subfield>
  </datafield>
  <datafield tag="300" ind1=" " ind2=" ">
    <subfield code="a">242 pages :</subfield>
    <subfield code="b">illustrations ;</subfield>
    <subfield code="c">21 cm</subfield>
  </datafield>
  <datafield tag="336" ind1=" " ind2=" ">
    <subfield code="a">text</subfield>
    <subfield code="b">txt</subfield>
    <subfield code="2">rdacontent</subfield>
  </datafield>
  <datafield tag="337" ind1=" " ind2=" ">
    <subfield code="a">unmediated</subfield>
    <subfield code="b">n</subfield>
    <subfield code="2">rdamedia</subfield>
  </datafield>
  <datafield tag="338" ind1=" " ind2=" ">
    <subfield code="a">volume</subfield>
    <subfield code="b">nc</subfield>
    <subfield code="2">rdacarrier</subfield>
  </datafield>
  <datafield tag="500" ind1=" " ind2=" ">
    <subfield code="a">Minimal Level Cataloging Plus</subfield>
    <subfield code="5">DLC</subfield>
  </datafield>
  <datafield tag="504" ind1=" " ind2=" ">
    <subfield code="a">Includes bibliographical references.</subfield>
  </datafield>
  <datafield tag="650" ind1=" " ind2="0">
    <subfield code="a">Slavic languages</subfield>
    <subfield code="v">Congresses.</subfield>
  </datafield>
  <datafield tag="650" ind1=" " ind2="0">
    <subfield code="a">Slavic literature</subfield>
    <subfield code="v">Congresses.</subfield>
  </datafield>
  <datafield tag="700" ind1="1" ind2=" ">
    <subfield code="a">Matuzova, Tatʹi︠a︡na Aleksandrovna,</subfield>
    <subfield code="e">editor.</subfield>
  </datafield>
  <datafield tag="923" ind1=" " ind2=" ">
    <subfield code="s">RuMoEVIS</subfield>
  </datafield>
</record>