
<record>
  <leader>01841cam a22003017i 4500</leader>
  <controlfield tag="001">19055935</controlfield>
  <controlfield tag="005">20200103134117.0</controlfield>
  <controlfield tag="008">160415s2016    io       b   f000 0 ind  </controlfield>
  <datafield tag="906" ind1=" " ind2=" ">
    <subfield code="a">7</subfield>
    <subfield code="b">cbc</subfield>
    <subfield code="c">origres</subfield>
    <subfield code="d">4</subfield>
    <subfield code="e">ncip</subfield>
    <subfield code="f">20</subfield>
    <subfield code="g">y-gencatlg</subfield>
  </datafield>
  <datafield tag="925" ind1="0" ind2=" ">
    <subfield code="a">acquire</subfield>
    <subfield code="b">1 shelf copy</subfield>
    <subfield code="x">policy default</subfield>
  </datafield>
  <datafield tag="955" ind1=" " ind2=" ">
    <subfield code="b">wj19 2016-04-15 z-processor</subfield>
    <subfield code="b">wj43 2016-05-14 received for cataloging</subfield>
    <subfield code="h">wj15 2019-01-23 to SAS</subfield>
    <subfield code="e">cm09 2019-10-21 to BCCD</subfield>
    <subfield code="a">slin 2020-01-03 received in Asian Div.</subfield>
  </datafield>
  <datafield tag="010" ind1=" " ind2=" ">
    <subfield code="a">  2016350345</subfield>
  </datafield>
  <datafield tag="020" ind1=" " ind2=" ">
    <subfield code="a">9786023560431</subfield>
  </datafield>
  <datafield tag="040" ind1=" " ind2=" ">
    <subfield code="a">DLC</subfield>
    <subfield code="b">eng</subfield>
    <subfield code="c">DLC</subfield>
    <subfield code="e">rda</subfield>
    <subfield code="d">DLC</subfield>
  </datafield>
  <datafield tag="042" ind1=" " ind2=" ">
    <subfield code="a">lcode</subfield>
  </datafield>
  <datafield tag="050" ind1="0" ind2="0">
    <subfield code="a">MLCSE 2019/70056 (L)</subfield>
  </datafield>
  <datafield tag="245" ind1="0" ind2="0">
    <subfield code="a">Antropologi pendidikan :</subfield>
    <subfield code="b">aneh, biasanya tidak apa-apa /</subfield>
    <subfield code="c">P.M. Laksono [and six others] ; catatan lepas, Primanto Nugroho.</subfield>
  </datafield>
  <datafield tag="264" ind1=" " ind2="1">
    <subfield code="a">Yogyakarta :</subfield>
    <subfield code="b">Jurusan Antropologi Budaya, Fakultas Ilmu Budaya, Universitas Gadjah Mada :</subfield>
    <subfield code="b">Kepel Press,</subfield>
    <subfield code="c">2016.</subfield>
  </datafield>
  <datafield tag="300" ind1=" " ind2=" ">
    <subfield code="a">xiv, 170 pages ;</subfield>
    <subfield code="c">21 cm</subfield>
  </datafield>
  <datafield tag="336" ind1=" " ind2=" ">
    <subfield code="a">text</subfield>
    <subfield code="2">rdacontent</subfield>
  </datafield>
  <datafield tag="337" ind1=" " ind2=" ">
    <subfield code="a">unmediated</subfield>
    <subfield code="2">rdamedia</subfield>
  </datafield>
  <datafield tag="338" ind1=" " ind2=" ">
    <subfield code="a">volume</subfield>
    <subfield code="2">rdacarrier</subfield>
  </datafield>
  <datafield tag="504" ind1=" " ind2=" ">
    <subfield code="a">Includes bibliographical references</subfield>
  </datafield>
  <datafield tag="505" ind1="0" ind2=" ">
    <subfield code="a">Etnografi pendidikan, aplikasi, teori, dan metode antropologi / P.M. Laksono -- Mencari pendidikan berkarakter, menapaki pendidikan Indonesia dari Tamansiswa / Budi Satriawan -- Gegeran mencari sekolah / Urip Danu Wijoyo -- Anak di pusat atau pinggiran(?), pertentangan gagasan tentang anak dalam program PAUD di Ende / Ami Priwardhani -- Wong Jawa ilang Jawane, krisis akulturasi keluarga Jawa dalam pendidikan / Transpiosa Riomandha -- &quot;Kowe kok nekat meteng to?&quot;, seksualitas remaja dalam krisis akulturasi / Kiki Koesuma Kristi -- Komunitas bawa cara, sekolah bawa tata / Aant Subhansyah.</subfield>
  </datafield>
  <datafield tag="520" ind1=" " ind2=" ">
    <subfield code="a">Anthropological aspects of educational system in Indonesia.</subfield>
  </datafield>
  <datafield tag="546" ind1=" " ind2=" ">
    <subfield code="a">In Indonesian.</subfield>
  </datafield>
  <datafield tag="700" ind1="1" ind2=" ">
    <subfield code="a">Laksono, P. M.</subfield>
    <subfield code="q">(Paschalis Maria),</subfield>
    <subfield code="d">1953-</subfield>
    <subfield code="e">author.</subfield>
  </datafield>
  <datafield tag="985" ind1=" " ind2=" ">
    <subfield code="e">ODE-jk</subfield>
  </datafield>
</record>