
<record>
  <leader>03281cam a22003977i 4500</leader>
  <controlfield tag="001">19056569</controlfield>
  <controlfield tag="005">20200103150620.0</controlfield>
  <controlfield tag="008">160415s2016    oru      b    001 0 eng  </controlfield>
  <datafield tag="906" ind1=" " ind2=" ">
    <subfield code="a">7</subfield>
    <subfield code="b">cbc</subfield>
    <subfield code="c">orignew</subfield>
    <subfield code="d">1</subfield>
    <subfield code="e">ecip</subfield>
    <subfield code="f">20</subfield>
    <subfield code="g">y-gencatlg</subfield>
  </datafield>
  <datafield tag="925" ind1="0" ind2=" ">
    <subfield code="a">acquire</subfield>
    <subfield code="b">1 shelf copy</subfield>
    <subfield code="x">policy default</subfield>
  </datafield>
  <datafield tag="955" ind1=" " ind2=" ">
    <subfield code="b">rm15 2016-04-15</subfield>
    <subfield code="c">rm15 2016-04-15 ONIX</subfield>
    <subfield code="i">rm15 2016-04-15 (telework)</subfield>
    <subfield code="a">rm15 2016-04-15 to Dewey</subfield>
    <subfield code="w">xm09 2016-04-15</subfield>
    <subfield code="a">xn11 2016-10-17 1 copy rec&apos;d., to CIP ver.</subfield>
    <subfield code="i">rm06 2016-10-27 to BCCD</subfield>
  </datafield>
  <datafield tag="010" ind1=" " ind2=" ">
    <subfield code="a">  2016011558</subfield>
  </datafield>
  <datafield tag="020" ind1=" " ind2=" ">
    <subfield code="a">9780996460163 (paperback)</subfield>
  </datafield>
  <datafield tag="020" ind1=" " ind2=" ">
    <subfield code="z">9781944934033 (Kindle)</subfield>
  </datafield>
  <datafield tag="020" ind1=" " ind2=" ">
    <subfield code="z">9780996460170 (Epub)</subfield>
  </datafield>
  <datafield tag="040" ind1=" " ind2=" ">
    <subfield code="a">DLC</subfield>
    <subfield code="b">eng</subfield>
    <subfield code="c">DLC</subfield>
    <subfield code="e">rda</subfield>
    <subfield code="d">DLC</subfield>
  </datafield>
  <datafield tag="043" ind1=" " ind2=" ">
    <subfield code="a">e-uk---</subfield>
  </datafield>
  <datafield tag="050" ind1="0" ind2="0">
    <subfield code="a">HQ74.2.G7</subfield>
    <subfield code="b">P87 2016</subfield>
  </datafield>
  <datafield tag="082" ind1="0" ind2="0">
    <subfield code="a">306.76/50941</subfield>
    <subfield code="2">23</subfield>
  </datafield>
  <datafield tag="084" ind1=" " ind2=" ">
    <subfield code="a">SOC012000</subfield>
    <subfield code="a">SOC017000</subfield>
    <subfield code="2">bisacsh</subfield>
  </datafield>
  <datafield tag="245" ind1="0" ind2="0">
    <subfield code="a">Purple prose :</subfield>
    <subfield code="b">bisexuality in Britain /</subfield>
    <subfield code="c">Kate Harrad.</subfield>
  </datafield>
  <datafield tag="264" ind1=" " ind2="1">
    <subfield code="a">Portland, OR :</subfield>
    <subfield code="b">Thorntree Press,</subfield>
    <subfield code="c">2016.</subfield>
  </datafield>
  <datafield tag="300" ind1=" " ind2=" ">
    <subfield code="a">333 pages ;</subfield>
    <subfield code="c">23 cm</subfield>
  </datafield>
  <datafield tag="336" ind1=" " ind2=" ">
    <subfield code="a">text</subfield>
    <subfield code="b">txt</subfield>
    <subfield code="2">rdacontent</subfield>
  </datafield>
  <datafield tag="337" ind1=" " ind2=" ">
    <subfield code="a">unmediated</subfield>
    <subfield code="b">n</subfield>
    <subfield code="2">rdamedia</subfield>
  </datafield>
  <datafield tag="338" ind1=" " ind2=" ">
    <subfield code="a">volume</subfield>
    <subfield code="b">nc</subfield>
    <subfield code="2">rdacarrier</subfield>
  </datafield>
  <datafield tag="504" ind1=" " ind2=" ">
    <subfield code="a">Includes bibliographical references (pages 306-311) and index.</subfield>
  </datafield>
  <datafield tag="520" ind1=" " ind2=" ">
    <subfield code="a">&quot;Purple Prose: Bisexuality in Britain is the first of its kind: a book written for and by bisexuals in the UK. This accessible collection of interviews, essays, poems and commentary explores topics such as definitions of bisexuality, intersections of bisexuality with other identities, stereotypes and biphobia, being bisexual at work, teenage bisexuality and bisexuality through the years, the media&apos;s approach to bisexual celebrities, and fictional bisexual characters.  Filled with raw, honest, first-person accounts as well as thoughts from leading bisexual activists in the UK, this is the book you&apos;ll buy for your friend who&apos;s just come out to you as bi-curious, or for your parents who think your bisexuality is weird or a phase, or for yourself, because you know you&apos;re bi but you don&apos;t know where to go or what to do about it&quot;--</subfield>
    <subfield code="c">Provided by publisher.</subfield>
  </datafield>
  <datafield tag="520" ind1=" " ind2=" ">
    <subfield code="a">&quot;Purple Prose: Bisexuality in Britain is the first of its kind: a book written for and by bisexuals in the UK. This accessible collection of interviews, essays, poems and commentary explores topics such as definitions of bisexuality, intersections of bisexuality with other identities, stereotypes and biphobia, being bisexaul at work, teenage bisexuality and bisexuality through the years, the media&apos;s approach to bisexual celebrities, and fictional bisexual characters. Filled with raw, honest first-person accounts as well as thoughts from leading bisexual activists in the UK, this is the book you&apos;ll buy for your friend who&apos;s just come out to you as bi-curious, or for your parents who think your bisexuality is weird or a phase, or for yourself, because you know you&apos;re bi but you don&apos;t know where to go or what to do about it&quot;--</subfield>
    <subfield code="c">Provided by publisher.</subfield>
  </datafield>
  <datafield tag="504" ind1=" " ind2=" ">
    <subfield code="a">Includes bibliographical references.</subfield>
  </datafield>
  <datafield tag="650" ind1=" " ind2="0">
    <subfield code="a">Bisexuality</subfield>
    <subfield code="z">Great Britain.</subfield>
  </datafield>
  <datafield tag="650" ind1=" " ind2="0">
    <subfield code="a">Bisexuals</subfield>
    <subfield code="z">Great Britain.</subfield>
  </datafield>
  <datafield tag="650" ind1=" " ind2="7">
    <subfield code="a">SOCIAL SCIENCE / Gay Studies.</subfield>
    <subfield code="2">bisacsh</subfield>
  </datafield>
  <datafield tag="650" ind1=" " ind2="7">
    <subfield code="a">SOCIAL SCIENCE / Lesbian Studies.</subfield>
    <subfield code="2">bisacsh</subfield>
  </datafield>
  <datafield tag="700" ind1="1" ind2=" ">
    <subfield code="a">Harrad, Kate,</subfield>
    <subfield code="e">editor.</subfield>
  </datafield>
  <datafield tag="776" ind1="0" ind2="8">
    <subfield code="i">Online version:</subfield>
    <subfield code="t">Purple prose</subfield>
    <subfield code="d">Portland, OR : Thorntree Press, 2016</subfield>
    <subfield code="z">9780996460170</subfield>
    <subfield code="w">(DLC) 2016018344</subfield>
  </datafield>
</record>