
<record>
  <leader>02602cam a22003377i 4500</leader>
  <controlfield tag="001">19058683</controlfield>
  <controlfield tag="005">20200103150621.0</controlfield>
  <controlfield tag="008">160329s2016    mau      b    001 0 eng c</controlfield>
  <datafield tag="906" ind1=" " ind2=" ">
    <subfield code="a">7</subfield>
    <subfield code="b">cbc</subfield>
    <subfield code="c">orignew</subfield>
    <subfield code="d">1</subfield>
    <subfield code="e">ecip</subfield>
    <subfield code="f">20</subfield>
    <subfield code="g">y-gencatlg</subfield>
  </datafield>
  <datafield tag="925" ind1="0" ind2=" ">
    <subfield code="a">acquire</subfield>
    <subfield code="b">1 shelf copy</subfield>
    <subfield code="x">policy default</subfield>
    <subfield code="e">claim1  2017-01-25</subfield>
    <subfield code="e">claim2  2017-05-30</subfield>
  </datafield>
  <datafield tag="955" ind1=" " ind2=" ">
    <subfield code="a">MH</subfield>
    <subfield code="e">rm15 2016-04-19 to Dewey</subfield>
    <subfield code="w">xm09 2016-04-19</subfield>
    <subfield code="a">xn05 2017-08-04 1 copy rec&apos;d., to CIP ver.</subfield>
    <subfield code="i">rm06 2017-08-10 to Dewey</subfield>
  </datafield>
  <datafield tag="010" ind1=" " ind2=" ">
    <subfield code="a">  2016015022</subfield>
  </datafield>
  <datafield tag="020" ind1=" " ind2=" ">
    <subfield code="a">9780674971592 (alk. paper)</subfield>
  </datafield>
  <datafield tag="040" ind1=" " ind2=" ">
    <subfield code="a">MH/DLC</subfield>
    <subfield code="b">eng</subfield>
    <subfield code="c">MH</subfield>
    <subfield code="e">rda</subfield>
    <subfield code="d">DLC</subfield>
  </datafield>
  <datafield tag="050" ind1="0" ind2="0">
    <subfield code="a">HQ76.27.Y68́</subfield>
    <subfield code="b">S28 2016</subfield>
  </datafield>
  <datafield tag="082" ind1="0" ind2="0">
    <subfield code="a">306.76/60835</subfield>
    <subfield code="2">23</subfield>
  </datafield>
  <datafield tag="100" ind1="1" ind2=" ">
    <subfield code="a">Savin-Williams, Ritch C.,</subfield>
    <subfield code="e">author.</subfield>
  </datafield>
  <datafield tag="245" ind1="1" ind2="0">
    <subfield code="a">Becoming who I am :</subfield>
    <subfield code="b">young men on being gay /</subfield>
    <subfield code="c">Ritch C. Savin-Williams.</subfield>
  </datafield>
  <datafield tag="264" ind1=" " ind2="1">
    <subfield code="a">Cambridge, Massachusetts :</subfield>
    <subfield code="b">Harvard University Press,</subfield>
    <subfield code="c">2016.</subfield>
  </datafield>
  <datafield tag="300" ind1=" " ind2=" ">
    <subfield code="a">x, 322 pages ;</subfield>
    <subfield code="c">22 cm</subfield>
  </datafield>
  <datafield tag="336" ind1=" " ind2=" ">
    <subfield code="a">text</subfield>
    <subfield code="2">rdacontent</subfield>
  </datafield>
  <datafield tag="337" ind1=" " ind2=" ">
    <subfield code="a">unmediated</subfield>
    <subfield code="2">rdamedia</subfield>
  </datafield>
  <datafield tag="338" ind1=" " ind2=" ">
    <subfield code="a">volume</subfield>
    <subfield code="2">rdacarrier</subfield>
  </datafield>
  <datafield tag="520" ind1=" " ind2=" ">
    <subfield code="a">Savin-Williams&apos;s manuscript traces the lives of young gay men as they negotiated the transition from their teen years into adulthood. It focuses on key developmental milestones, including first sexual memories, first crushes, coming out to friends and families, and first adult relationships. The manuscript is drawn from in-depth interviews with 41 individuals from the &quot;millennial&quot; generation; each was interviewed multiple times across their teenage years into their early twenties. The author investigates how their senses of self and their public identities shifted across time, how their sexuality and sexual experiences did--and did not--affect their relationships with family, friends, and peers, how they dealt with new responsibilities, etc. He also uses the stories to shed light on the findings of recent research on gay youth, teenagers, and young adults.--</subfield>
    <subfield code="c">Provided by publisher</subfield>
  </datafield>
  <datafield tag="504" ind1=" " ind2=" ">
    <subfield code="a">Includes bibliographical references (pages 303-313) and index.</subfield>
  </datafield>
  <datafield tag="505" ind1="0" ind2=" ">
    <subfield code="a">Anthony -- Tell our stories -- Why am I gay? -- First sexual memory -- First arousal -- Sex play -- First crush -- Who&apos;s that girl? -- Who&apos;s that boy? -- The joy of puberty -- The good, the bad, the porn -- OMG! a wet dream -- Masturbation -- First girl sex -- First boy sex -- I&apos;m gay-probably, certainly -- Something to tell you -- Hey mom, dad, bro, sis -- Mostly gay -- First love -- He&apos;s my soul man -- Being young and gay in America -- Postscript: Anthony&apos;s return.</subfield>
  </datafield>
  <datafield tag="650" ind1=" " ind2="0">
    <subfield code="a">Gay teenagers.</subfield>
  </datafield>
  <datafield tag="650" ind1=" " ind2="0">
    <subfield code="a">Young gay men.</subfield>
  </datafield>
  <datafield tag="650" ind1=" " ind2="0">
    <subfield code="a">Gay men</subfield>
    <subfield code="x">Identity.</subfield>
  </datafield>
  <datafield tag="650" ind1=" " ind2="0">
    <subfield code="a">Male homosexuality.</subfield>
  </datafield>
  <datafield tag="985" ind1=" " ind2=" ">
    <subfield code="a">MHCIP</subfield>
    <subfield code="d">2016-04-18</subfield>
  </datafield>
</record>