
<record>
  <leader>02279cam a22003257i 4500</leader>
  <controlfield tag="001">19060190</controlfield>
  <controlfield tag="005">20200103121100.0</controlfield>
  <controlfield tag="008">160419s2015    ne            001 0 dut  </controlfield>
  <datafield tag="906" ind1=" " ind2=" ">
    <subfield code="a">7</subfield>
    <subfield code="b">cbc</subfield>
    <subfield code="c">origres</subfield>
    <subfield code="d">3</subfield>
    <subfield code="e">ncip</subfield>
    <subfield code="f">20</subfield>
    <subfield code="g">y-gencatlg</subfield>
  </datafield>
  <datafield tag="925" ind1="0" ind2=" ">
    <subfield code="a">acquire</subfield>
    <subfield code="b">1 shelf copy</subfield>
    <subfield code="x">policy default</subfield>
  </datafield>
  <datafield tag="955" ind1=" " ind2=" ">
    <subfield code="a">bd24 2015-04-19</subfield>
    <subfield code="b">bc12 2018-04-25 z-processor (telework)</subfield>
    <subfield code="i">bc12 2018-05-23 (telework)</subfield>
    <subfield code="e">bc12 2018-06-12 to BCCD (ABAchecked &amp; Labeled)</subfield>
  </datafield>
  <datafield tag="010" ind1=" " ind2=" ">
    <subfield code="a">  2016396230</subfield>
  </datafield>
  <datafield tag="020" ind1=" " ind2=" ">
    <subfield code="a">9789071376610</subfield>
  </datafield>
  <datafield tag="020" ind1=" " ind2=" ">
    <subfield code="a">9071376613</subfield>
  </datafield>
  <datafield tag="040" ind1=" " ind2=" ">
    <subfield code="a">DLC</subfield>
    <subfield code="b">eng</subfield>
    <subfield code="e">rda</subfield>
    <subfield code="c">DLC</subfield>
  </datafield>
  <datafield tag="050" ind1="0" ind2="0">
    <subfield code="a">DJ181</subfield>
    <subfield code="b">.G56 2015</subfield>
  </datafield>
  <datafield tag="245" ind1="0" ind2="0">
    <subfield code="a">Ginder &apos;t vreêverbont bezegelt :</subfield>
    <subfield code="b">essays over de betekenis van de Vrede van Breda 1667 /</subfield>
    <subfield code="c">Raymond Kubben (red.).</subfield>
  </datafield>
  <datafield tag="246" ind1="3" ind2="4">
    <subfield code="a">Vrede van Breda</subfield>
  </datafield>
  <datafield tag="264" ind1=" " ind2="1">
    <subfield code="a">Breda :</subfield>
    <subfield code="b">Van Kemenade,</subfield>
    <subfield code="c">2015.</subfield>
  </datafield>
  <datafield tag="300" ind1=" " ind2=" ">
    <subfield code="a">240 pages :</subfield>
    <subfield code="b">illustrations ;</subfield>
    <subfield code="c">25 cm</subfield>
  </datafield>
  <datafield tag="336" ind1=" " ind2=" ">
    <subfield code="a">text</subfield>
    <subfield code="b">txt</subfield>
    <subfield code="2">rdacontent</subfield>
  </datafield>
  <datafield tag="337" ind1=" " ind2=" ">
    <subfield code="a">unmediated</subfield>
    <subfield code="b">n</subfield>
    <subfield code="2">rdamedia</subfield>
  </datafield>
  <datafield tag="338" ind1=" " ind2=" ">
    <subfield code="a">volume</subfield>
    <subfield code="b">nc</subfield>
    <subfield code="2">rdacarrier</subfield>
  </datafield>
  <datafield tag="500" ind1=" " ind2=" ">
    <subfield code="a">Covertitle: De Vrede van Breda.</subfield>
  </datafield>
  <datafield tag="546" ind1=" " ind2=" ">
    <subfield code="a">Dutch and English texts.</subfield>
  </datafield>
  <datafield tag="504" ind1=" " ind2=" ">
    <subfield code="a">Includes bibliographical references and index.</subfield>
  </datafield>
  <datafield tag="520" ind1="8" ind2=" ">
    <subfield code="a">Soms zijn er van die dingen waarvan je wel weet dat ze ooit in een stad zijn gebeurd, maar waarvan je eigenlijk niet weet wat ze precies hebben betekend. 0Veel mensen zullen dat hebben bij de Vrede van Breda; de vrede die in de zomer van 1667 - bijna 350 jaar geleden - in die stad werd gesloten. 0Wat merkten de Bredanaars er destijds van dat de wereldmachten van toen in hun stad over vrede onderhandelden? Wat is de betekenis van die vrede voor Nederland, voor Europa en voor de wereld? Kortom, welke invloed heeft die in 1667 in Breda gesloten vrede gehad? 0In deze bundel wordt de Vrede van Breda belicht door experts vanuit verschillende disciplines en vanuit landen die destijds bij de oorlog waren betrokken. We leren de stad kennen waar de diplomaten naartoe kwamen. Literatuurhistorici vertellen over hoe de Bredase vrede is terug te zien in gedichten, prenten en pamfletten. De Vrede van Breda blijkt een belangrijk moment in het licht van de rivaliteit tussen Orangisten en staatsgezinde regenten binnen de politieke verhoudingen in de Republiek.</subfield>
  </datafield>
  <datafield tag="650" ind1=" " ind2="0">
    <subfield code="a">Anglo-Dutch War, 1664-1667</subfield>
    <subfield code="x">Peace.</subfield>
  </datafield>
  <datafield tag="700" ind1="1" ind2=" ">
    <subfield code="a">Kubben, Raymond,</subfield>
    <subfield code="e">editor.</subfield>
  </datafield>
  <datafield tag="923" ind1=" " ind2=" ">
    <subfield code="d">20160419</subfield>
    <subfield code="n">*</subfield>
    <subfield code="s">V00001156</subfield>
  </datafield>
</record>