
<record>
  <leader>02884cam a2200529 i 4500</leader>
  <controlfield tag="001">19063042</controlfield>
  <controlfield tag="005">20200103115415.0</controlfield>
  <controlfield tag="008">160421m20169999gw       b    001 0 ger c</controlfield>
  <datafield tag="906" ind1=" " ind2=" ">
    <subfield code="a">7</subfield>
    <subfield code="b">cbc</subfield>
    <subfield code="c">pccadap</subfield>
    <subfield code="d">3</subfield>
    <subfield code="e">ncip</subfield>
    <subfield code="f">20</subfield>
    <subfield code="g">y-gencatlg</subfield>
  </datafield>
  <datafield tag="925" ind1="0" ind2=" ">
    <subfield code="a">acquire</subfield>
    <subfield code="b">COPY 1 = LL GLOBAL</subfield>
    <subfield code="x">JEG</subfield>
  </datafield>
  <datafield tag="955" ind1=" " ind2=" ">
    <subfield code="b">fd10 2016-06-23 z-processor to Law</subfield>
    <subfield code="i">xg06 2016-08-04</subfield>
    <subfield code="e">xg06 2016-08-04 to LL GLOBAL,</subfield>
    <subfield code="c">xg06 2016-08-15 add. v. 2</subfield>
    <subfield code="e">xg06 2016-08-15 to LL GLOBAL</subfield>
    <subfield code="c">xg06 2018-04-12 add. v. 5 to LL GLOBAL</subfield>
    <subfield code="a">fd10 2019-12-19 v. 3 and 6 to LL</subfield>
    <subfield code="c">xg06 2020-01-03 add. v. 6 to LL GLOBAL</subfield>
  </datafield>
  <datafield tag="010" ind1=" " ind2=" ">
    <subfield code="a">  2016419883</subfield>
  </datafield>
  <datafield tag="016" ind1="7" ind2=" ">
    <subfield code="a">1078273715</subfield>
  </datafield>
  <datafield tag="020" ind1=" " ind2=" ">
    <subfield code="a">9783406677007</subfield>
    <subfield code="q">(7-v. set ;</subfield>
    <subfield code="q">cl. ;</subfield>
    <subfield code="q">alk. paper)</subfield>
  </datafield>
  <datafield tag="020" ind1=" " ind2=" ">
    <subfield code="a">3406677002</subfield>
    <subfield code="q">(7-v. set ;</subfield>
    <subfield code="q">cl. ;</subfield>
    <subfield code="q">alk. paper)</subfield>
  </datafield>
  <datafield tag="020" ind1=" " ind2=" ">
    <subfield code="a">9783406677014</subfield>
    <subfield code="q">(v. 1 ;</subfield>
    <subfield code="q">cl. ;</subfield>
    <subfield code="q">alk. paper)</subfield>
  </datafield>
  <datafield tag="020" ind1=" " ind2=" ">
    <subfield code="a">3406677010</subfield>
    <subfield code="q">(v. 1 ;</subfield>
    <subfield code="q">cl. ;</subfield>
    <subfield code="q">alk. paper)</subfield>
  </datafield>
  <datafield tag="020" ind1=" " ind2=" ">
    <subfield code="a">9783406677021 (v. 2 ;</subfield>
    <subfield code="q">cl. ;</subfield>
    <subfield code="q">alk. paper)</subfield>
  </datafield>
  <datafield tag="020" ind1=" " ind2=" ">
    <subfield code="a">9783406677038 (v. 3 ;</subfield>
    <subfield code="q">cl. ;</subfield>
    <subfield code="q">alk. paper)</subfield>
  </datafield>
  <datafield tag="020" ind1=" " ind2=" ">
    <subfield code="a">9783406677052 (v.5 ;</subfield>
    <subfield code="q">cl. ;</subfield>
    <subfield code="q">alk. paper)</subfield>
  </datafield>
  <datafield tag="020" ind1=" " ind2=" ">
    <subfield code="a">9783406677069 (v. 6 ;</subfield>
    <subfield code="q">cl. ;</subfield>
    <subfield code="q">alk. paper)</subfield>
  </datafield>
  <datafield tag="035" ind1=" " ind2=" ">
    <subfield code="a">(OCoLC)ocn931543804</subfield>
  </datafield>
  <datafield tag="040" ind1=" " ind2=" ">
    <subfield code="a">OHX</subfield>
    <subfield code="b">eng</subfield>
    <subfield code="c">OHX</subfield>
    <subfield code="e">rda</subfield>
    <subfield code="d">OCLCQ</subfield>
    <subfield code="d">HVL</subfield>
    <subfield code="d">OCLCO</subfield>
    <subfield code="d">YLS</subfield>
    <subfield code="d">DLC</subfield>
  </datafield>
  <datafield tag="042" ind1=" " ind2=" ">
    <subfield code="a">pcc</subfield>
  </datafield>
  <datafield tag="043" ind1=" " ind2=" ">
    <subfield code="a">e-gx---</subfield>
  </datafield>
  <datafield tag="050" ind1="0" ind2="0">
    <subfield code="a">KK2045.51897</subfield>
    <subfield code="b">.M86 2016</subfield>
  </datafield>
  <datafield tag="245" ind1="0" ind2="0">
    <subfield code="a">Münchener Kommentar zum Handelsgesetzbuch /</subfield>
    <subfield code="c">Redakteur Dr. Dr. h.c. mult. Karsten Schmidt, o. Professor em. an der Universität Bonn, Professor der Bucerius Law School, Hamburg.</subfield>
  </datafield>
  <datafield tag="246" ind1="3" ind2="0">
    <subfield code="a">Handelsgesetzbuch</subfield>
  </datafield>
  <datafield tag="246" ind1="1" ind2="4">
    <subfield code="a">Münchener Kommentar Handelsgesetzbuch</subfield>
  </datafield>
  <datafield tag="246" ind1="1" ind2="8">
    <subfield code="a">Münchener Kommentar HGB</subfield>
  </datafield>
  <datafield tag="246" ind1="1" ind2=" ">
    <subfield code="a">HGB</subfield>
  </datafield>
  <datafield tag="246" ind1="1" ind2=" ">
    <subfield code="a">MüKoHGB</subfield>
  </datafield>
  <datafield tag="250" ind1=" " ind2=" ">
    <subfield code="a">4. Auflage.</subfield>
  </datafield>
  <datafield tag="264" ind1=" " ind2="1">
    <subfield code="a">München :</subfield>
    <subfield code="b">C.H. Beck ;</subfield>
    <subfield code="a">München :</subfield>
    <subfield code="b">Verlag Vahlen,</subfield>
    <subfield code="c">2016-&lt;2019&gt;</subfield>
  </datafield>
  <datafield tag="300" ind1=" " ind2=" ">
    <subfield code="a">volumes &lt;1,2,3,5,6&gt; ;</subfield>
    <subfield code="c">25 cm</subfield>
  </datafield>
  <datafield tag="336" ind1=" " ind2=" ">
    <subfield code="a">text</subfield>
    <subfield code="b">txt</subfield>
    <subfield code="2">rdacontent</subfield>
  </datafield>
  <datafield tag="337" ind1=" " ind2=" ">
    <subfield code="a">unmediated</subfield>
    <subfield code="b">n</subfield>
    <subfield code="2">rdamedia</subfield>
  </datafield>
  <datafield tag="338" ind1=" " ind2=" ">
    <subfield code="a">volume</subfield>
    <subfield code="b">nc</subfield>
    <subfield code="2">rdacarrier</subfield>
  </datafield>
  <datafield tag="504" ind1=" " ind2=" ">
    <subfield code="a">Includes bibliographical references and index.</subfield>
  </datafield>
  <datafield tag="505" ind1="1" ind2="0">
    <subfield code="a">Band 1. Erstes Buch. Handelsstand [Paragraphen] 1-104a -- Band 2. Zweites Buch. Handelsgesellschaften und stille Gesellschaft. Erster Abschnitt. Offene Handelsgesellschaft [Paragraphen] 105-160 -- Band. 3. Zweites Buch. Handelsgesellschaften und stille Gesellschaft etc. --Band 5. Viertes Buch. Handelsgeschäfte etc. -- Band 6. Bankvertragsrecht</subfield>
  </datafield>
  <datafield tag="650" ind1=" " ind2="0">
    <subfield code="a">Commercial law</subfield>
    <subfield code="z">Germany.</subfield>
  </datafield>
  <datafield tag="655" ind1=" " ind2="7">
    <subfield code="a">Law commentaries.</subfield>
    <subfield code="2">lcgft</subfield>
  </datafield>
  <datafield tag="700" ind1="1" ind2=" ">
    <subfield code="a">Schmidt, Karsten,</subfield>
    <subfield code="d">1939-</subfield>
    <subfield code="e">editor.</subfield>
  </datafield>
  <datafield tag="710" ind1="1" ind2="2">
    <subfield code="a">Germany.</subfield>
    <subfield code="t">Handelsgesetzbuch.</subfield>
    <subfield code="i">Container of (work):</subfield>
  </datafield>
  <datafield tag="775" ind1="0" ind2="8">
    <subfield code="i">Revision of:</subfield>
    <subfield code="t">Münchener Kommentar zum Handelsgesetzbuch.</subfield>
    <subfield code="b">3. Aufl.</subfield>
    <subfield code="d">München : C.H. Beck, 2010-[2014]</subfield>
    <subfield code="z">9783406583766</subfield>
    <subfield code="w">(DLC)  2012415955</subfield>
    <subfield code="w">(OCoLC)641459190</subfield>
  </datafield>
  <datafield tag="776" ind1="0" ind2="8">
    <subfield code="i">Online version:</subfield>
    <subfield code="t">Münchener Kommentar zum Handelsgesetzbuch.</subfield>
    <subfield code="b">4. Auflage.</subfield>
    <subfield code="d">München : C.H. Beck ; München : Vahlen, 2016</subfield>
    <subfield code="z">9783406677007</subfield>
    <subfield code="w">(OCoLC)951822915</subfield>
  </datafield>
  <datafield tag="936" ind1=" " ind2=" ">
    <subfield code="a">Projected to be complete in 7 v.</subfield>
  </datafield>
</record>