
<record>
  <leader>03663cam a22004097i 4500</leader>
  <controlfield tag="001">19065533</controlfield>
  <controlfield tag="005">20200103121101.0</controlfield>
  <controlfield tag="008">151216s2015    pe       b    100 0 spa c</controlfield>
  <datafield tag="906" ind1=" " ind2=" ">
    <subfield code="a">7</subfield>
    <subfield code="b">cbc</subfield>
    <subfield code="c">pccadap</subfield>
    <subfield code="d">3</subfield>
    <subfield code="e">ncip</subfield>
    <subfield code="f">20</subfield>
    <subfield code="g">y-gencatlg</subfield>
  </datafield>
  <datafield tag="925" ind1="0" ind2=" ">
    <subfield code="a">acquire</subfield>
    <subfield code="b">1 shelf copy</subfield>
    <subfield code="x">policy default</subfield>
  </datafield>
  <datafield tag="955" ind1=" " ind2=" ">
    <subfield code="b">bg22 2016-06-22 to ALAWE/SA</subfield>
    <subfield code="b">bc12 2017-07-26 z-processor (telework) (overtime)</subfield>
    <subfield code="i">bc12 2017-07-31 (telework)</subfield>
    <subfield code="e">bc12 2017-08-01 to BCCD (ABAchecked &amp; Labeled)</subfield>
  </datafield>
  <datafield tag="010" ind1=" " ind2=" ">
    <subfield code="a">  2016392707</subfield>
  </datafield>
  <datafield tag="020" ind1=" " ind2=" ">
    <subfield code="a">9786124692963</subfield>
  </datafield>
  <datafield tag="020" ind1=" " ind2=" ">
    <subfield code="a">6124692961</subfield>
  </datafield>
  <datafield tag="035" ind1=" " ind2=" ">
    <subfield code="a">(OCoLC)ocn951844235</subfield>
  </datafield>
  <datafield tag="040" ind1=" " ind2=" ">
    <subfield code="a">HLS</subfield>
    <subfield code="b">eng</subfield>
    <subfield code="c">HLS</subfield>
    <subfield code="e">rda</subfield>
    <subfield code="d">OCLCO</subfield>
    <subfield code="d">PIT</subfield>
    <subfield code="d">NOC</subfield>
    <subfield code="d">CGU</subfield>
    <subfield code="d">UBY</subfield>
    <subfield code="d">DLC</subfield>
  </datafield>
  <datafield tag="050" ind1="0" ind2="0">
    <subfield code="a">PQ8497.R44</subfield>
    <subfield code="b">Z658 2015</subfield>
  </datafield>
  <datafield tag="111" ind1="2" ind2=" ">
    <subfield code="a">Coloquio Internacional En Octubre No Hay Milagros : 50 Años Despues</subfield>
    <subfield code="d">(2015 :</subfield>
    <subfield code="c">Lima, Peru)</subfield>
  </datafield>
  <datafield tag="245" ind1="1" ind2="0">
    <subfield code="a">En octubre no hay milagros :</subfield>
    <subfield code="b">50 años después /</subfield>
    <subfield code="c">Gladys Flores Heredia, Javier Morales Mena, Paolo de Lima (editores).</subfield>
  </datafield>
  <datafield tag="250" ind1=" " ind2=" ">
    <subfield code="a">Primera edición.</subfield>
  </datafield>
  <datafield tag="264" ind1=" " ind2="1">
    <subfield code="a">Lima, Perú :</subfield>
    <subfield code="b">Editorial Cátedra Vallejo,</subfield>
    <subfield code="c">2015.</subfield>
  </datafield>
  <datafield tag="300" ind1=" " ind2=" ">
    <subfield code="a">310 pages ;</subfield>
    <subfield code="c">21 cm.</subfield>
  </datafield>
  <datafield tag="336" ind1=" " ind2=" ">
    <subfield code="a">text</subfield>
    <subfield code="b">txt</subfield>
    <subfield code="2">rdacontent</subfield>
  </datafield>
  <datafield tag="337" ind1=" " ind2=" ">
    <subfield code="a">unmediated</subfield>
    <subfield code="b">n</subfield>
    <subfield code="2">rdamedia</subfield>
  </datafield>
  <datafield tag="338" ind1=" " ind2=" ">
    <subfield code="a">volume</subfield>
    <subfield code="b">nc</subfield>
    <subfield code="2">rdacarrier</subfield>
  </datafield>
  <datafield tag="490" ind1="1" ind2=" ">
    <subfield code="a">Colección Libros por venir</subfield>
  </datafield>
  <datafield tag="500" ind1=" " ind2=" ">
    <subfield code="a">&quot;Este publicación reúne las ponencias presentadas en el Coloquio Internacional En octubre no hay milagros: 50 años despues&quot;--Page 9.</subfield>
  </datafield>
  <datafield tag="504" ind1=" " ind2=" ">
    <subfield code="a">Includes bibliographical references.</subfield>
  </datafield>
  <datafield tag="505" ind1="0" ind2=" ">
    <subfield code="a">La dictadura y la prensa: la crítica periodística sobre En octubre no hay milagros / Jorge Ramos Rea -- El valor del deso: En octubre no hay milagros desde la teoría de los polisistemas / Carlos Arámbulo López -- Interacciones y desencuentros en la novela En octubre no hay milagros / Américo Mudarra Montoya -- En octubre no hay milagros: el libro de la resistencia / Luis Fernando Cueto -- El reino del Señor de los Milagros a través de los sentidos: estrategias descriptivas sensoriales en la novela En octubre no hay milagros / Macedonio Villafán Broncano -- Modernidad, olores y colores en la novela En octubre no hay milagros de Oswaldo Reynoso / Edith Pérez Orozco -- La carnavalización en la novela En octubre no hay milagros / Segundo Castro García --La carnavalización de la utopía del hogar moderno en la novela En octubre no hay milagros / Pedro Novoa Xatillo --</subfield>
  </datafield>
  <datafield tag="505" ind1="0" ind2=" ">
    <subfield code="a">En octubre no hay milagros: marginalización del sujeto y los espacios de la liberación / Jayro Jurado Urbino -- En octubre no hay milagros y la vigencia de su léxico medio siglo después / Luisa Portilla Durand -- De la jerga callejera a la poetización narrativa en la novela En octubre no hay milagros / Raúl Jurado Párraga -- La voz colectiva de la ciudad: En octubre no hay milagros y las democracias simuladas / Martín Campos -- Reynoso Reloaded (cinco tesis para leer En octubre no hay milagros en el siglo XXI) / Pedro Ángel Palou -- En octubre no hay milagros y lo grotesco social en la narrativa peruana / Miguel Ángel Huamán -- Ciudadanías inconclusas: desencuentros de la educación en la novela En octubre no hay milagros / Miguel Ángel Carhuaricra Anco -- La representación de las fantasías culutrales en la novela En octubre no hay milagros de Oswaldo Reynoso / Julián Pérez Huarancca -- El sentido de la casa en la novela En octubre no hay milagros / Javier Morales Mena.</subfield>
  </datafield>
  <datafield tag="600" ind1="1" ind2="0">
    <subfield code="a">Reynoso, Oswaldo,</subfield>
    <subfield code="d">1931-</subfield>
    <subfield code="t">En octubre no hay milagros</subfield>
    <subfield code="v">Congresses.</subfield>
  </datafield>
  <datafield tag="700" ind1="1" ind2=" ">
    <subfield code="a">Flores, Gladys,</subfield>
    <subfield code="e">editor.</subfield>
  </datafield>
  <datafield tag="700" ind1="1" ind2=" ">
    <subfield code="a">Morales Mena, Javier,</subfield>
    <subfield code="e">editor.</subfield>
  </datafield>
  <datafield tag="700" ind1="1" ind2=" ">
    <subfield code="a">Lima, Paolo de,</subfield>
    <subfield code="e">editor.</subfield>
  </datafield>
  <datafield tag="830" ind1=" " ind2="0">
    <subfield code="a">Libros por venir.</subfield>
  </datafield>
  <datafield tag="923" ind1=" " ind2=" ">
    <subfield code="d">20160411</subfield>
    <subfield code="n">6961</subfield>
    <subfield code="s">PE-LiEIC</subfield>
  </datafield>
  <datafield tag="985" ind1=" " ind2=" ">
    <subfield code="e">VENDOR LOAD</subfield>
  </datafield>
</record>